@book{ DK15,
   author = "Harm Derksen and Gregor Kemper",
   title = "Computation Invariant Theory",
   year = 2015,
   publisher = "Springer-Verlag",
   address = "Berlin Heidelberg"
   }