@book{ DK15,
author = "Harm Derksen and Gregor Kemper",
title = "Computational Invariant Theory",
year = 2015,
publisher = "Springer-Verlag",
address = "Berlin Heidelberg"
}

@book{ Stu08,
author = {Bernd Sturmfels},
title = {Algorithms in Invariant Theory},
year = 2008,
publisher = {Springer-Verlag},
address = {Wien}
}

@book{ Kra85,
author = {Hanspeter Kraft},
title = "{G}eometrische {M}ethoden in der {I}nvariantentheorie",
year = 1985,
publisher = {Friedr. Vieweg \& Sohn Verlagsgesellschaft mbH},
address = {Braunschweig}
}

@book{ Fis14,
author = {Gerd Fischer},
title = "Lineare {A}lgebra",
year = 2014,
publisher = {Springer Fachmedien},
address = {Wiesbaden}
}

@book{ Bos13,
author = {Siegfried Bosch},
title = {Algebra},
year = 2013,
publisher = {Springer-Verlag},
address = {Berlin Heidelberg}
}

@misc{ Kle93,
author = {Felix Klein},
title = {A Comparative Review of Recent Researches in Geometry},
year = 1893,
address = {Erlangen}
}

@book{ Aud03,
author = {Mich\`ele Audin},
title = {Geometry},
year = 2003,
publisher = {Springer-Verlag},
address = {Berlin Heidelberg}
}

@book{ FH91,
author = {William Fulton and Joe Harris},
title = {Representation theory; {A} first course},
year = 1991,
publisher = {Springer-Verlag},
address = {New York}
}

@book{ Pro07,
author = {Claudio Procesi},
title = {Lie froups; An approach through invariants and representations},
year = 2007,
publisher = {Springer Science+Business Media LLC.},
address = {New York}
}

@article{ Rab30,
author = {J.L. Rabinowitsch},
title = "{Z}um {H}ilbertschen {N}ullstellensatz",
journal = {Annalen der Mathematik},
volume = 120,
year = 1930,
DOI = {\url{https://doi.org/10.1007/BF01782361}},
pages = 520
}

@article{ Cay46,
author = {Arthur Cayley},
title = {On linear transformations},
journal = {The Cambridge and Dublin mathematical journal},
volume = 1,
year = 1846,
pages = 104
}

@article{ Hil90,
author = {David Hilbert},
title = {{\"U}ber die {T}heorie der algebraischen {F}ormen},
journal = {Annalen der Mathematik},
volume = 36,
year = 1890,
URL = {https://doi.org/10.1007/BF01208503},
DOI = {10.1007/BF01208503},
pages = 473
}

@misc{Gat17,
  author        = {Andreas Gathmann},
  title         = {Algebraic Geometry; {N}otes for a class taught at the university of {K}aiserslautern 2002/2003},
  month         = {November 12},
  year          = 2017,
  note={Available at \url{http://www.mathematik.uni-kl.de/~gathmann/class/alggeom-2002/alggeom-2002.pdf}}
}