@book{ DK15,
author = "Harm Derksen and Gregor Kemper",
title = "Computational Invariant Theory",
year = 2015,
publisher = "Springer-Verlag",
address = "Berlin Heidelberg"
}

@Book{ Stu08,
author = {Bernd Sturmfels},
title = {Algorithms in Invariant Theory},
year = 2008,
publisher = {Springer-Verlag},
address = {Wien}
}

